 @Manual{R,
    title = {R: A Language and Environment for Statistical Computing},
    author = {{R Core Team}},
    organization = {R Foundation for Statistical Computing},
    address = {Vienna, Austria},
    year = {2021},
    url = {https://www.R-project.org/},
  }

 @misc{rstanarm,
     title={Bayesian Survival Analysis Using the rstanarm R Package}, 
      author={Samuel L. Brilleman and Eren M. Elci and Jacqueline Buros Novik and Rory Wolfe},
      year={2020},
      eprint={2002.09633},
      url ={https://arxiv.org/abs/2002.09633},
      archivePrefix={arXiv},
      primaryClass={stat.CO}
}

 @misc{stan,
    title = {{RStan}: the {R} interface to {Stan}},
    author = {{Stan Development Team}},
    note = {R package version 2.28.1},
    year = {2021},
    url = {http://mc-stan.org/ 5},
}

@article{RN5420,
   author = {Wasserstein, RL. and Schirm, AL. and Lazar, NA.},
   title = {Moving to a World Beyond “p < 0.05”},
   journal = {The American Statistician},
   volume = {73},
   pages = {1-19},
   year = {2019},
   type = {Journal Article}
}


@article{CPR2023a,
  title = {Early {{Extracorporeal CPR}} for {{Refractory Out-of-Hospital Cardiac Arrest}}},
  author = {Suverein, Martje M. and Delnoij, Thijs S.R. and Lorusso, Roberto and Brandon Bravo Bruinsma, George J. and Otterspoor, Luuk and Elzo Kraemer, Carlos V. and Vlaar, Alexander P.J. and {van der Heijden}, Joris J. and Scholten, Erik and {den Uil}, Corstiaan and Jansen, Tim and {van den Bogaard}, Bas and Kuijpers, Marijn and Lam, Ka Yan and Montero Cabezas, Jos{\'e} M. and Driessen, Antoine H.G. and Rittersma, Saskia Z.H. and Heijnen, Bram G. and Dos Reis Miranda, Dinis and Bleeker, Gabe and {de Metz}, Jesse and Hermanides, Renicus S. and Lopez Matta, Jorge and Eberl, Susanne and Donker, Dirk W. and {van Thiel}, Robert J. and Akin, Sakir and {van Meer}, Oene and Henriques, Jos{\'e} and Bokhoven, Karen C. and Mandigers, Loes and Bunge, Jeroen J.H. and Bol, Martine E. and Winkens, Bjorn and Essers, Brigitte and Weerwind, Patrick W. and Maessen, Jos G. and {van de Poll}, Marcel C.G.},
  year = {2023},
  journal = {New England Journal of Medicine},
  volume = {388},
  number = {4},
  pages = {299--309},
  issn = {0028-4793},
  doi = {10.1056/NEJMoa2204511}
}

@article{brophy,
author = {Brophy, J. M.},
title = {Bayesian Interpretation of the EXCEL Trial and Other Randomized Clinical Trials of Left Main Coronary Artery Revascularization},
journal = {JAMA Intern Med},
volume = {180},
number = {7},
pages = {986-992},
ISSN = {2168-6114 (Electronic)
2168-6106 (Linking)},
DOI = {10.1001/jamainternmed.2020.1647},
url = {https://www.ncbi.nlm.nih.gov/pubmed/32478838},
year = {2020},
type = {Journal Article}
}

@BOOK{RN4985,
  title     = "Bayesian Data Analysis",
  author    = "Gelman, Andrew and Carlin, John B and Stern, Hal S and Dunson,
               David B and Vehtari, Aki and Rubin, Donald B",
  publisher = "Chapman and Hall/CRC",
  month     =  nov,
  year      =  2013
}

@article{Zampieri,
author = {Zampieri, Fernando G. and Casey, Jonathan D. and Shankar-Hari, Manu and Harrell, Frank E. and Harhay, Michael O.},
title = {Using Bayesian Methods to Augment the Interpretation of Critical Care Trials. An Overview of Theory and Example Reanalysis of the Alveolar Recruitment for Acute Respiratory Distress Syndrome Trial},
journal = {American Journal of Respiratory and Critical Care Medicine},
volume = {203},
number = {5},
pages = {543-552},
year = {2021},
doi = {10.1164/rccm.202006-2381CP},
    note ={PMID: 33270526},

URL = { 
        https://doi.org/10.1164/rccm.202006-2381CP
    
},
eprint = { 
        https://doi.org/10.1164/rccm.202006-2381CP
    
}
}

@article{BrophyCardio,
title = {Bayesian Analyses of Cardiovascular Trials—Bringing Added Value to the Table},
journal = {Canadian Journal of Cardiology},
volume = {37},
number = {9},
pages = {1415-1427},
year = {2021},
issn = {0828-282X},
doi = {https://doi.org/10.1016/j.cjca.2021.03.014},
url = {https://www.sciencedirect.com/science/article/pii/S0828282X2100163X},
author = {James M. Brophy}
}

@book{mcelreath2020,
  title = {Statistical {{Rethinking}} : A {{Bayesian Course}} with {{Examples}} in {{R}} and {{Stan}}},
  shorttitle = {Statistical {{Rethinking}}},
  author = {McElreath, Richard},
  year = {2020},
  month = mar,
  publisher = {{Chapman and Hall/CRC}},
  doi = {10.1201/9780429029608},
  abstract = {Statistical Rethinking: A Bayesian Course with Examples in R and Stan builds your knowledge of and confidence in making inferences from data. Reflecting the},
  isbn = {978-0-429-02960-8},
  langid = {english}
}

@article{RN6751,
   author = {Yannopoulos, D. and Bartos, J. and Raveendran, G. and Walser, E. and Connett, J. and Murray, T. A. and Collins, G. and Zhang, L. and Kalra, R. and Kosmopoulos, M. and John, R. and Shaffer, A. and Frascone, R. J. and Wesley, K. and Conterato, M. and Biros, M. and Tolar, J. and Aufderheide, T. P.},
   title = {Advanced reperfusion strategies for patients with out-of-hospital cardiac arrest and refractory ventricular fibrillation (ARREST): a phase 2, single centre, open-label, randomised controlled trial},
   journal = {Lancet},
   volume = {396},
   number = {10265},
   pages = {1807-1816},
   ISSN = {1474-547X (Electronic)
0140-6736 (Print)
0140-6736 (Linking)},
   DOI = {10.1016/S0140-6736(20)32338-2},
   url = {https://www.ncbi.nlm.nih.gov/pubmed/33197396},
   year = {2020},
   type = {Journal Article}
}

@article{RN6759,
   author = {Belohlavek, J. and Smalcova, J. and Rob, D. and Franek, O. and Smid, O. and Pokorna, M. and Horak, J. and Mrazek, V. and Kovarnik, T. and Zemanek, D. and Kral, A. and Havranek, S. and Kavalkova, P. and Kompelentova, L. and Tomkova, H. and Mejstrik, A. and Valasek, J. and Peran, D. and Pekara, J. and Rulisek, J. and Balik, M. and Huptych, M. and Jarkovsky, J. and Malik, J. and Valerianova, A. and Mlejnsky, F. and Kolouch, P. and Havrankova, P. and Romportl, D. and Komarek, A. and Linhart, A. and PRAGUE, Ohca Study Group},
   title = {Effect of Intra-arrest Transport, Extracorporeal Cardiopulmonary Resuscitation, and Immediate Invasive Assessment and Treatment on Functional Neurologic Outcome in Refractory Out-of-Hospital Cardiac Arrest: A Randomized Clinical Trial},
   journal = {JAMA},
   volume = {327},
   number = {8},
   pages = {737-747},
   ISSN = {1538-3598 (Electronic)
0098-7484 (Print)
0098-7484 (Linking)},
   DOI = {10.1001/jama.2022.1025},
   url = {https://www.ncbi.nlm.nih.gov/pubmed/35191923},
   year = {2022},
   type = {Journal Article}
}


@Manual{RStudio, 
  title = {RStudio: Integrated Development Environment for R}, author = {{RStudio Team}}, organization = {RStudio, PBC.}, address = {Boston, MA},      year = {2020}, url = {http://www.rstudio.com/} 
}

@article{RN6765,
   author = {Altman, D. G. and Bland, J. M.},
   title = {Absence of evidence is not evidence of absence},
   journal = {Bmj},
   volume = {311},
   number = {7003},
   pages = {485},
   ISSN = {0959-8138 (Print)
0959-8138},
   DOI = {10.1136/bmj.311.7003.485},
   year = {1995},
   type = {Journal Article}
}

